<?xml version="1.0" encoding="UTF-8"?><collection xmlns="http://www.loc.gov/MARC21/slim"><record><leader>00366nam--2200145-i-4500</leader><controlfield tag="001">000040815</controlfield><controlfield tag="002">20161230</controlfield><controlfield tag="005">20161230201042</controlfield><controlfield tag="008">060222s1000------------r-----000-0-eng-d</controlfield><datafield ind1=" " ind2=" " tag="080"><subfield code="a">51:517.5</subfield></datafield><datafield ind1="1" ind2=" " tag="100"><subfield code="a">Schwartz,Laurent</subfield></datafield><datafield ind1="1" ind2="0" tag="245"><subfield code="a">Etude des sommes d`exponentielles</subfield></datafield><datafield ind1=" " ind2=" " tag="260"><subfield code="a">Paris, Hermann, 1959. 151 P</subfield></datafield><datafield ind1=" " ind2=" " tag="852"><subfield code="a">33946</subfield><subfield code="c">517</subfield></datafield><datafield ind1=" " ind2=" " tag="CAT"><subfield code="a">Sys</subfield><subfield code="c">20080619</subfield><subfield code="h">100358</subfield></datafield></record></collection>